@misc{spark_mllib, title={Machine Learning Library (MLlib) Guide}, url={http://spark.apache.org/docs/latest/ml-guide.html}, journal={MLlib: Main Guide - Spark 2.1.0 Documentation}}

@misc{rms_error, title={RMS Error}, url={http://statweb.stanford.edu/~susan/courses/s60/split/node60.html}, journal={RMS Error}}

@misc{scikit-learn_documentation, title={Choosing the right estimator}, url={http://scikit-learn.org/stable/tutorial/machine_learning_map/}, journal={Choosing the right estimator â€” scikit-learn 0.18.1 documentation}}